@ARTICLE{Anguloetal2012,
   author = {{Angulo}, R.~E. and {Springel}, V. and {White}, S.~D.~M. and 
	{Jenkins}, A. and {Baugh}, C.~M. and {Frenk}, C.~S.},
    title = "{Scaling relations for galaxy clusters in the Millennium-XXL simulation}",
  journal = {\mnras},
archivePrefix = "arXiv",
   eprint = {1203.3216},
 keywords = {cosmology: theory, large-scale structure of Universe},
     year = 2012,
    month = nov,
   volume = 426,
    pages = {2046-2062},
      doi = {10.1111/j.1365-2966.2012.21830.x},
   adsurl = {http://adsabs.harvard.edu/abs/2012MNRAS.426.2046A},
  adsnote = {Provided by the SAO/NASA Astrophysics Data System}
}
 @ARTICLE{BartelmannSchneider2001,
   author = {{Bartelmann}, M. and {Schneider}, P.},
    title = "{Weak gravitational lensing}",
  journal = {\physrep},
   eprint = {astro-ph/9912508},
     year = 2001,
    month = jan,
   volume = 340,
    pages = {291-472},
      doi = {10.1016/S0370-1573(00)00082-X},
   adsurl = {http://adsabs.harvard.edu/abs/2001PhR...340..291B},
  adsnote = {Provided by the SAO/NASA Astrophysics Data System}
}
@ARTICLE{Bettetal2007,
   author = {{Bett}, P. and {Eke}, V. and {Frenk}, C.~S. and {Jenkins}, A. and 
	{Helly}, J. and {Navarro}, J.},
    title = "{The spin and shape of dark matter haloes in the Millennium simulation of a {$\Lambda$} cold dark matter universe}",
  journal = {\mnras},
   eprint = {astro-ph/0608607},
 keywords = {methods: N-body simulations, galaxies: haloes, dark matter},
     year = 2007,
    month = mar,
   volume = 376,
    pages = {215-232},
      doi = {10.1111/j.1365-2966.2007.11432.x},
   adsurl = {http://adsabs.harvard.edu/abs/2007MNRAS.376..215B},
  adsnote = {Provided by the SAO/NASA Astrophysics Data System}
}
@ARTICLE{Bonamigoetal2015,
   author = {{Bonamigo}, M. and {Despali}, G. and {Limousin}, M. and {Angulo}, R. and 
	{Giocoli}, C. and {Soucail}, G.},
    title = "{Universality of dark matter haloes shape over six decades in mass: insights from the Millennium XXL and SBARBINE simulations}",
  journal = {\mnras},
archivePrefix = "arXiv",
   eprint = {1410.0015},
 keywords = {methods: numerical, galaxies: clusters: general, galaxies: haloes, cosmology: theory, dark matter},
     year = 2015,
    month = may,
   volume = 449,
    pages = {3171-3182},
      doi = {10.1093/mnras/stv417},
   adsurl = {http://adsabs.harvard.edu/abs/2015MNRAS.449.3171B},
  adsnote = {Provided by the SAO/NASA Astrophysics Data System}
}
@ARTICLE{Chisarietal2015,
   author = {{Chisari}, N. and {Codis}, S. and {Laigle}, C. and {Dubois}, Y. and 
	{Pichon}, C. and {Devriendt}, J. and {Slyz}, A. and {Miller}, L. and 
	{Gavazzi}, R. and {Benabed}, K.},
    title = "{Intrinsic alignments of galaxies in the Horizon-AGN cosmological hydrodynamical simulation}",
  journal = {\mnras},
archivePrefix = "arXiv",
   eprint = {1507.07843},
 keywords = {gravitational lensing: weak, methods: numerical, cosmology: theory, large-scale structure of Universe},
     year = 2015,
    month = dec,
   volume = 454,
    pages = {2736-2753},
      doi = {10.1093/mnras/stv2154},
   adsurl = {http://adsabs.harvard.edu/abs/2015MNRAS.454.2736C},
  adsnote = {Provided by the SAO/NASA Astrophysics Data System}
}

@ARTICLE{Codisetal2015,
   author = {{Codis}, S. and {Gavazzi}, R. and {Dubois}, Y. and {Pichon}, C. and 
	{Benabed}, K. and {Desjacques}, V. and {Pogosyan}, D. and {Devriendt}, J. and 
	{Slyz}, A.},
    title = "{Intrinsic alignment of simulated galaxies in the cosmic web: implications for weak lensing surveys}",
  journal = {\mnras},
archivePrefix = "arXiv",
   eprint = {1406.4668},
 keywords = {gravitational lensing: weak, methods: numerical, cosmology: theory, large-scale structure of Universe},
     year = 2015,
    month = apr,
   volume = 448,
    pages = {3391-3404},
      doi = {10.1093/mnras/stv231},
   adsurl = {http://adsabs.harvard.edu/abs/2015MNRAS.448.3391C},
  adsnote = {Provided by the SAO/NASA Astrophysics Data System}
}

@ARTICLE{CroftMetzler2000,
   author = {{Croft}, R.~A.~C. and {Metzler}, C.~A.},
    title = "{Weak-Lensing Surveys and the Intrinsic Correlation of Galaxy Ellipticities}",
  journal = {\apj},
   eprint = {astro-ph/0005384},
 keywords = {Cosmology: Theory, Cosmology: Gravitational Lensing, Cosmology: Large-Scale Structure of Universe},
     year = 2000,
    month = dec,
   volume = 545,
    pages = {561-571},
      doi = {10.1086/317856},
   adsurl = {http://adsabs.harvard.edu/abs/2000ApJ...545..561C},
  adsnote = {Provided by the SAO/NASA Astrophysics Data System}
}

@ARTICLE{Despalietal2013,
   author = {{Despali}, G. and {Tormen}, G. and {Sheth}, R.~K.},
    title = "{Ellipsoidal halo finders and implications for models of triaxial halo formation}",
  journal = {\mnras},
archivePrefix = "arXiv",
   eprint = {1212.4157},
 primaryClass = "astro-ph.CO",
 keywords = {galaxies: clusters: general, cosmology: theory, dark matter},
     year = 2013,
    month = may,
   volume = 431,
    pages = {1143-1159},
      doi = {10.1093/mnras/stt235},
   adsurl = {http://adsabs.harvard.edu/abs/2013MNRAS.431.1143D},
  adsnote = {Provided by the SAO/NASA Astrophysics Data System}
}
@ARTICLE{Haoetal2011,
   author = {{Hao}, J. and {Kubo}, J.~M. and {Feldmann}, R. and {Annis}, J. and 
	{Johnston}, D.~E. and {Lin}, H. and {McKay}, T.~A.},
    title = "{Intrinsic Alignment of Cluster Galaxies: The Redshift Evolution}",
  journal = {\apj},
archivePrefix = "arXiv",
   eprint = {1103.3500},
 keywords = {galaxies: clusters: general, large-scale structure of universe},
     year = 2011,
    month = oct,
   volume = 740,
      eid = {39},
    pages = {39},
      doi = {10.1088/0004-637X/740/1/39},
   adsurl = {http://adsabs.harvard.edu/abs/2011ApJ...740...39H},
  adsnote = {Provided by the SAO/NASA Astrophysics Data System}
}

@ARTICLE{Heavensetal2000,
   author = {{Heavens}, A. and {Refregier}, A. and {Heymans}, C.},
    title = "{Intrinsic correlation of galaxy shapes: implications for weak lensing measurements}",
  journal = {\mnras},
   eprint = {astro-ph/0005269},
 keywords = {GALAXIES: FORMATION, GALAXIES: FUNDAMENTAL PARAMETERS, GALAXIES: STATISTICS, COSMOLOGY: OBSERVATIONS, GRAVITATIONAL LENSING},
     year = 2000,
    month = dec,
   volume = 319,
    pages = {649-656},
      doi = {10.1046/j.1365-8711.2000.03907.x},
   adsurl = {http://adsabs.harvard.edu/abs/2000MNRAS.319..649H},
  adsnote = {Provided by the SAO/NASA Astrophysics Data System}
}
@ARTICLE{Heymansetal2006,
   author = {{Heymans}, C. and {White}, M. and {Heavens}, A. and {Vale}, C. and 
	{Van Waerbeke}, L.},
    title = "{Potential sources of contamination to weak lensing measurements: constraints from N-body simulations}",
  journal = {\mnras},
   eprint = {astro-ph/0604001},
 keywords = {gravitational lensing: cosmology: observations: large-scale structure of Universe, gravitational lensing, cosmology: observations, large-scale structure of Universe},
     year = 2006,
    month = sep,
   volume = 371,
    pages = {750-760},
      doi = {10.1111/j.1365-2966.2006.10705.x},
   adsurl = {http://adsabs.harvard.edu/abs/2006MNRAS.371..750H},
  adsnote = {Provided by the SAO/NASA Astrophysics Data System}
}
@ARTICLE{Hilbertetal2017,
   author = {{Hilbert}, S. and {Xu}, D. and {Schneider}, P. and {Springel}, V. and 
	{Vogelsberger}, M. and {Hernquist}, L.},
    title = "{Intrinsic alignments of galaxies in the Illustris simulation}",
  journal = {\mnras},
archivePrefix = "arXiv",
   eprint = {1606.03216},
 keywords = {gravitational lensing: weak, methods: numerical, galaxies: general, cosmo-logy: theory, large-scale structure of Universe},
     year = 2017,
    month = jun,
   volume = 468,
    pages = {790-823},
      doi = {10.1093/mnras/stx482},
   adsurl = {http://adsabs.harvard.edu/abs/2017MNRAS.468..790H},
  adsnote = {Provided by the SAO/NASA Astrophysics Data System}
}
@ARTICLE{Hirataetal2007,
   author = {{Hirata}, C.~M. and {Mandelbaum}, R. and {Ishak}, M. and {Seljak}, U. and 
	{Nichol}, R. and {Pimbblet}, K.~A. and {Ross}, N.~P. and {Wake}, D.
	},
    title = "{Intrinsic galaxy alignments from the 2SLAQ and SDSS surveys: luminosity and redshift scalings and implications for weak lensing surveys}",
  journal = {\mnras},
   eprint = {astro-ph/0701671},
 keywords = {gravitational lensing, cosmology: observations, large-scale structure of Universe},
     year = 2007,
    month = nov,
   volume = 381,
    pages = {1197-1218},
      doi = {10.1111/j.1365-2966.2007.12312.x},
   adsurl = {http://adsabs.harvard.edu/abs/2007MNRAS.381.1197H},
  adsnote = {Provided by the SAO/NASA Astrophysics Data System}
}
@ARTICLE{Jiangetal2014,
   author = {{Jiang}, L. and {Helly}, J.~C. and {Cole}, S. and {Frenk}, C.~S.
	},
    title = "{N-body dark matter haloes with simple hierarchical histories}",
  journal = {\mnras},
archivePrefix = "arXiv",
   eprint = {1311.6649},
 keywords = {methods: numerical, galaxies: haloes, cosmology: theory, dark matter},
     year = 2014,
    month = may,
   volume = 440,
    pages = {2115-2135},
      doi = {10.1093/mnras/stu390},
   adsurl = {http://adsabs.harvard.edu/abs/2014MNRAS.440.2115J},
  adsnote = {Provided by the SAO/NASA Astrophysics Data System}
}
@ARTICLE{Jing2002,
   author = {{Jing}, Y.~P.},
    title = "{Intrinsic correlation of halo ellipticity and its implications for large-scale weak lensing surveys}",
  journal = {\mnras},
   eprint = {astro-ph/0206098},
 keywords = {gravitational lensing: cosmology: observations, cosmology: theory, dark matter, large-scale structure of Universe},
     year = 2002,
    month = oct,
   volume = 335,
    pages = {L89-L93},
      doi = {10.1046/j.1365-8711.2002.05899.x},
   adsurl = {http://cdsads.u-strasbg.fr/abs/2002MNRAS.335L..89J},
  adsnote = {Provided by the SAO/NASA Astrophysics Data System}
}
@ARTICLE{Joachimietal2011,
   author = {{Joachimi}, B. and {Mandelbaum}, R. and {Abdalla}, F.~B. and 
	{Bridle}, S.~L.},
    title = "{Constraints on intrinsic alignment contamination of weak lensing surveys using the MegaZ-LRG sample}",
  journal = {\aap},
archivePrefix = "arXiv",
   eprint = {1008.3491},
 primaryClass = "astro-ph.CO",
 keywords = {cosmology: observations, gravitational lensing: weak, large-scale structure of Universe, cosmological parameters, galaxies: evolution},
     year = 2011,
    month = mar,
   volume = 527,
      eid = {A26},
    pages = {A26},
      doi = {10.1051/0004-6361/201015621},
   adsurl = {http://adsabs.harvard.edu/abs/2011A%26A...527A..26J},
  adsnote = {Provided by the SAO/NASA Astrophysics Data System}
}
@ARTICLE{Joachimietal2013a,
   author = {{Joachimi}, B. and {Semboloni}, E. and {Bett}, P.~E. and {Hartlap}, J. and 
	{Hilbert}, S. and {Hoekstra}, H. and {Schneider}, P. and {Schrabback}, T.
	},
    title = "{Intrinsic galaxy shapes and alignments - I. Measuring and modelling COSMOS intrinsic galaxy ellipticities}",
  journal = {\mnras},
archivePrefix = "arXiv",
   eprint = {1203.6833},
 primaryClass = "astro-ph.CO",
 keywords = {gravitational lensing: weak, methods: data analysis, methods: numerical, galaxies: evolution, cosmology: observations, large-scale structure of Universe},
     year = 2013,
    month = may,
   volume = 431,
    pages = {477-492},
      doi = {10.1093/mnras/stt172},
   adsurl = {http://adsabs.harvard.edu/abs/2013MNRAS.431..477J},
  adsnote = {Provided by the SAO/NASA Astrophysics Data System}
}
@ARTICLE{Joachimietal2013b,
   author = {{Joachimi}, B. and {Semboloni}, E. and {Hilbert}, S. and {Bett}, P.~E. and 
	{Hartlap}, J. and {Hoekstra}, H. and {Schneider}, P.},
    title = "{Intrinsic galaxy shapes and alignments - II. Modelling the intrinsic alignment contamination of weak lensing surveys}",
  journal = {\mnras},
archivePrefix = "arXiv",
   eprint = {1305.5791},
 primaryClass = "astro-ph.CO",
 keywords = {gravitational lensing: weak, methods: numerical, methods: statistical, galaxies: evolution, cosmology: observations, large-scale structure of Universe},
     year = 2013,
    month = nov,
   volume = 436,
    pages = {819-838},
      doi = {10.1093/mnras/stt1618},
   adsurl = {http://adsabs.harvard.edu/abs/2013MNRAS.436..819J},
  adsnote = {Provided by the SAO/NASA Astrophysics Data System}
}
@ARTICLE{Joachimietal2015,
   author = {{Joachimi}, B. and {Cacciato}, M. and {Kitching}, T.~D. and 
	{Leonard}, A. and {Mandelbaum}, R. and {Sch{\"a}fer}, B.~M. and 
	{Sif{\'o}n}, C. and {Hoekstra}, H. and {Kiessling}, A. and {Kirk}, D. and 
	{Rassat}, A.},
    title = "{Galaxy Alignments: An Overview}",
  journal = {\ssr},
archivePrefix = "arXiv",
   eprint = {1504.05456},
 keywords = {Galaxies: evolution, Galaxies: haloes, Galaxies: interactions, Large-scale structure of Universe, Gravitational lensing: weak},
     year = 2015,
    month = nov,
   volume = 193,
    pages = {1-65},
      doi = {10.1007/s11214-015-0177-4},
   adsurl = {http://adsabs.harvard.edu/abs/2015SSRv..193....1J},
  adsnote = {Provided by the SAO/NASA Astrophysics Data System}
}
@ARTICLE{Kiesslingetal2015,
   author = {{Kiessling}, A. and {Cacciato}, M. and {Joachimi}, B. and {Kirk}, D. and 
	{Kitching}, T.~D. and {Leonard}, A. and {Mandelbaum}, R. and 
	{Sch{\"a}fer}, B.~M. and {Sif{\'o}n}, C. and {Brown}, M.~L. and 
	{Rassat}, A.},
    title = "{Galaxy Alignments: Theory, Modelling {\amp} Simulations}",
  journal = {\ssr},
archivePrefix = "arXiv",
   eprint = {1504.05546},
 keywords = {Galaxies: evolution, Galaxies: haloes, Galaxies: interactions, Large-scale structure of Universe, Gravitational lensing: weak},
     year = 2015,
    month = nov,
   volume = 193,
    pages = {67-136},
      doi = {10.1007/s11214-015-0203-6},
   adsurl = {http://cdsads.u-strasbg.fr/abs/2015SSRv..193...67K},
  adsnote = {Provided by the SAO/NASA Astrophysics Data System}
}
@ARTICLE{Kuhlenetal2007,
   author = {{Kuhlen}, M. and {Diemand}, J. and {Madau}, P.},
    title = "{The Shapes, Orientation, and Alignment of Galactic Dark Matter Subhalos}",
  journal = {\apj},
archivePrefix = "arXiv",
   eprint = {0705.2037},
 keywords = {Cosmology: Theory, Cosmology: Dark Matter, Galaxies: Dwarf, Galaxies: Formation, Galaxies: Halos, Methods: Numerical},
     year = 2007,
    month = dec,
   volume = 671,
    pages = {1135-1146},
      doi = {10.1086/522878},
   adsurl = {http://adsabs.harvard.edu/abs/2007ApJ...671.1135K},
  adsnote = {Provided by the SAO/NASA Astrophysics Data System}
}
@ARTICLE{Euclid2011,
   author = {{Laureijs}, R. and {Amiaux}, J. and {Arduini}, S. and {Augu{\`e}res}, J.~-. and 
	{Brinchmann}, J. and {Cole}, R. and {Cropper}, M. and {Dabin}, C. and 
	{Duvet}, L. and {Ealet}, A. and et al.},
    title = "{Euclid Definition Study Report}",
  journal = {ArXiv e-prints},
archivePrefix = "arXiv",
   eprint = {1110.3193},
 primaryClass = "astro-ph.CO",
 keywords = {Astrophysics - Cosmology and Extragalactic Astrophysics, Astrophysics - Galaxy Astrophysics},
     year = 2011,
    month = oct,
   adsurl = {http://adsabs.harvard.edu/abs/2011arXiv1110.3193L},
  adsnote = {Provided by the SAO/NASA Astrophysics Data System}
}
@ARTICLE{LandySzalay1993,
   author = {{Landy}, S.~D. and {Szalay}, A.~S.},
    title = "{Bias and variance of angular correlation functions}",
  journal = {\apj},
 keywords = {Angular Correlation, Bias, Computational Astrophysics, Galactic Clusters, Variance, Correlation Coefficients, Monte Carlo Method, Random Variables},
     year = 1993,
    month = jul,
   volume = 412,
    pages = {64-71},
      doi = {10.1086/172900},
   adsurl = {http://adsabs.harvard.edu/abs/1993ApJ...412...64L},
  adsnote = {Provided by the SAO/NASA Astrophysics Data System}
}
@ARTICLE{LSST2009,
   author = {{LSST Science Collaboration} and {Abell}, P.~A. and {Allison}, J. and 
	{Anderson}, S.~F. and {Andrew}, J.~R. and {Angel}, J.~R.~P. and 
	{Armus}, L. and {Arnett}, D. and {Asztalos}, S.~J. and {Axelrod}, T.~S. and et al.},
    title = "{LSST Science Book, Version 2.0}",
  journal = {ArXiv e-prints},
archivePrefix = "arXiv",
   eprint = {0912.0201},
 primaryClass = "astro-ph.IM",
 keywords = {Astrophysics - Instrumentation and Methods for Astrophysics, Astrophysics - Cosmology and Extragalactic Astrophysics, Astrophysics - Earth and Planetary Astrophysics, Astrophysics - Galaxy Astrophysics, Astrophysics - Solar and Stellar Astrophysics},
     year = 2009,
    month = dec,
   adsurl = {http://adsabs.harvard.edu/abs/2009arXiv0912.0201L},
  adsnote = {Provided by the SAO/NASA Astrophysics Data System}
}
@ARTICLE{Mandelbaumetal2011,
   author = {{Mandelbaum}, R. and {Blake}, C. and {Bridle}, S. and {Abdalla}, F.~B. and 
	{Brough}, S. and {Colless}, M. and {Couch}, W. and {Croom}, S. and 
	{Davis}, T. and {Drinkwater}, M.~J. and {Forster}, K. and {Glazebrook}, K. and 
	{Jelliffe}, B. and {Jurek}, R.~J. and {Li}, I.-H. and {Madore}, B. and 
	{Martin}, C. and {Pimbblet}, K. and {Poole}, G.~B. and {Pracy}, M. and 
	{Sharp}, R. and {Wisnioski}, E. and {Woods}, D. and {Wyder}, T.
	},
    title = "{The WiggleZ Dark Energy Survey: direct constraints on blue galaxy intrinsic alignments at intermediate redshifts}",
  journal = {\mnras},
archivePrefix = "arXiv",
   eprint = {0911.5347},
 keywords = {gravitational lensing: weak, galaxies: evolution, cosmology: observations, large-scale structure of Universe},
     year = 2011,
    month = jan,
   volume = 410,
    pages = {844-859},
      doi = {10.1111/j.1365-2966.2010.17485.x},
   adsurl = {http://adsabs.harvard.edu/abs/2011MNRAS.410..844M},
  adsnote = {Provided by the SAO/NASA Astrophysics Data System}
}
@ARTICLE{Pereiraetal2008,
   author = {{Pereira}, M.~J. and {Bryan}, G.~L. and {Gill}, S.~P.~D.},
    title = "{Radial Alignment in Simulated Clusters}",
  journal = {\apj},
archivePrefix = "arXiv",
   eprint = {0707.1702},
 keywords = {galaxies: clusters: general, galaxies: kinematics and dynamics, methods: N-body simulations },
     year = 2008,
    month = jan,
   volume = 672,
      eid = {825-833},
    pages = {825-833},
      doi = {10.1086/523830},
   adsurl = {http://adsabs.harvard.edu/abs/2008ApJ...672..825P},
  adsnote = {Provided by the SAO/NASA Astrophysics Data System}
}
@ARTICLE{RocheEales1999,
   author = {{Roche}, N. and {Eales}, S.~A.},
    title = "{The angular correlation function and hierarchical moments of \~{}70000 faint galaxies to R=23.5}",
  journal = {\mnras},
   eprint = {astro-ph/9803331},
     year = 1999,
    month = aug,
   volume = 307,
    pages = {703-721},
      doi = {10.1046/j.1365-8711.1999.02652.x},
   adsurl = {http://adsabs.harvard.edu/abs/1999MNRAS.307..703R},
  adsnote = {Provided by the SAO/NASA Astrophysics Data System}
}
@ARTICLE{Lietal2013,
   author = {{Li}, C. and {Jing}, Y.~P. and {Faltenbacher}, A. and {Wang}, J.
	},
    title = "{The Detection of the Large-scale Alignment of Massive Galaxies at z \~{} 0.6}",
  journal = {\apjl},
archivePrefix = "arXiv",
   eprint = {1303.1965},
 keywords = {dark matter, galaxies: formation, galaxies: halos, large-scale structure of universe, methods: statistical},
     year = 2013,
    month = jun,
   volume = 770,
      eid = {L12},
    pages = {L12},
      doi = {10.1088/2041-8205/770/1/L12},
   adsurl = {http://adsabs.harvard.edu/abs/2013ApJ...770L..12L},
  adsnote = {Provided by the SAO/NASA Astrophysics Data System}
}
@ARTICLE{Rykoffetal2014,
   author = {{Rykoff}, E.~S. and {Rozo}, E. and {Busha}, M.~T. and {Cunha}, C.~E. and 
	{Finoguenov}, A. and {Evrard}, A. and {Hao}, J. and {Koester}, B.~P. and 
	{Leauthaud}, A. and {Nord}, B. and {Pierre}, M. and {Reddick}, R. and 
	{Sadibekova}, T. and {Sheldon}, E.~S. and {Wechsler}, R.~H.},
    title = "{redMaPPer. I. Algorithm and SDSS DR8 Catalog}",
  journal = {\apj},
archivePrefix = "arXiv",
   eprint = {1303.3562},
 keywords = {galaxies: clusters: general},
     year = 2014,
    month = apr,
   volume = 785,
      eid = {104},
    pages = {104},
      doi = {10.1088/0004-637X/785/2/104},
   adsurl = {http://adsabs.harvard.edu/abs/2014ApJ...785..104R},
  adsnote = {Provided by the SAO/NASA Astrophysics Data System}
}
@ARTICLE{Schneideretal2012,
   author = {{Schneider}, M.~D. and {Frenk}, C.~S. and {Cole}, S.},
    title = "{The shapes and alignments of dark matter halos}",
  journal = {\jcap},
archivePrefix = "arXiv",
   eprint = {1111.5616},
     year = 2012,
    month = may,
   volume = 5,
      eid = {030},
    pages = {030},
      doi = {10.1088/1475-7516/2012/05/030},
   adsurl = {http://adsabs.harvard.edu/abs/2012JCAP...05..030S},
  adsnote = {Provided by the SAO/NASA Astrophysics Data System}
}
@ARTICLE{Sembolonietal2008,
   author = {{Semboloni}, E. and {Heymans}, C. and {van Waerbeke}, L. and 
	{Schneider}, P.},
    title = "{Sources of contamination to weak lensing three-point statistics: constraints from N-body simulations}",
  journal = {\mnras},
archivePrefix = "arXiv",
   eprint = {0802.3978},
 keywords = {gravitational lensing , cosmology: theory , large-scale structure of Universe},
     year = 2008,
    month = aug,
   volume = 388,
    pages = {991-1000},
      doi = {10.1111/j.1365-2966.2008.13478.x},
   adsurl = {http://adsabs.harvard.edu/abs/2008MNRAS.388..991S},
  adsnote = {Provided by the SAO/NASA Astrophysics Data System}
}
@ARTICLE{Singhetal2015,
   author = {{Singh}, S. and {Mandelbaum}, R. and {More}, S.},
    title = "{Intrinsic alignments of SDSS-III BOSS LOWZ sample galaxies}",
  journal = {\mnras},
archivePrefix = "arXiv",
   eprint = {1411.1755},
 keywords = {gravitational lensing: weak, galaxies: evolution, cosmology: observations, large-scale structure of Universe},
     year = 2015,
    month = jun,
   volume = 450,
    pages = {2195-2216},
      doi = {10.1093/mnras/stv778},
   adsurl = {http://adsabs.harvard.edu/abs/2015MNRAS.450.2195S},
  adsnote = {Provided by the SAO/NASA Astrophysics Data System}
}

@ARTICLE{Springeletal2005,
   author = {{Springel}, V. and {White}, S.~D.~M. and {Jenkins}, A. and {Frenk}, C.~S. and 
	{Yoshida}, N. and {Gao}, L. and {Navarro}, J. and {Thacker}, R. and 
	{Croton}, D. and {Helly}, J. and {Peacock}, J.~A. and {Cole}, S. and 
	{Thomas}, P. and {Couchman}, H. and {Evrard}, A. and {Colberg}, J. and 
	{Pearce}, F.},
    title = "{Simulations of the formation, evolution and clustering of galaxies and quasars}",
  journal = {\nat},
   eprint = {astro-ph/0504097},
     year = 2005,
    month = jun,
   volume = 435,
    pages = {629-636},
      doi = {10.1038/nature03597},
   adsurl = {http://adsabs.harvard.edu/abs/2005Natur.435..629S},
  adsnote = {Provided by the SAO/NASA Astrophysics Data System}
}

@ARTICLE{Tayloretal2013,
   author = {{Taylor}, A. and {Joachimi}, B. and {Kitching}, T.},
    title = "{Putting the precision in precision cosmology: How accurate should your data covariance matrix be?}",
  journal = {\mnras},
archivePrefix = "arXiv",
   eprint = {1212.4359},
 keywords = {methods: statistical, cosmological parameters, cosmology: theory, large-scale structure of Universe},
     year = 2013,
    month = jul,
   volume = 432,
    pages = {1928-1946},
      doi = {10.1093/mnras/stt270},
   adsurl = {http://adsabs.harvard.edu/abs/2013MNRAS.432.1928T},
  adsnote = {Provided by the SAO/NASA Astrophysics Data System}
}

@ARTICLE{2013MNRAS.432.1928T,
   author = {{Taylor}, A. and {Joachimi}, B. and {Kitching}, T.},
    title = "{Putting the precision in precision cosmology: How accurate should your data covariance matrix be?}",
  journal = {\mnras},
archivePrefix = "arXiv",
   eprint = {1212.4359},
 keywords = {methods: statistical, cosmological parameters, cosmology: theory, large-scale structure of Universe},
     year = 2013,
    month = jul,
   volume = 432,
    pages = {1928-1946},
      doi = {10.1093/mnras/stt270},
   adsurl = {http://adsabs.harvard.edu/abs/2013MNRAS.432.1928T},
  adsnote = {Provided by the SAO/NASA Astrophysics Data System}
}

@ARTICLE{Tennetietal2016,
   author = {{Tenneti}, A. and {Mandelbaum}, R. and {Di Matteo}, T.},
    title = "{Intrinsic alignments of disc and elliptical galaxies in the MassiveBlack-II and Illustris simulations}",
  journal = {\mnras},
archivePrefix = "arXiv",
   eprint = {1510.07024},
 keywords = {gravitational lensing: weak, hydrodynamics, methods: numerical, galaxies: kinematics and dynamics, cosmology: theory},
     year = 2016,
    month = nov,
   volume = 462,
    pages = {2668-2680},
      doi = {10.1093/mnras/stw1823},
   adsurl = {http://adsabs.harvard.edu/abs/2016MNRAS.462.2668T},
  adsnote = {Provided by the SAO/NASA Astrophysics Data System}
}
@ARTICLE{TroxelIshak2015,
   author = {{Troxel}, M.~A. and {Ishak}, M.},
    title = "{The intrinsic alignment of galaxies and its impact on weak gravitational lensing in an era of precision cosmology}",
  journal = {\physrep},
archivePrefix = "arXiv",
   eprint = {1407.6990},
 keywords = {Weak gravitational lensing, Intrinsic alignment, Cosmology, Large-scale structure},
     year = 2015,
    month = feb,
   volume = 558,
    pages = {1-59},
      doi = {10.1016/j.physrep.2014.11.001},
   adsurl = {http://adsabs.harvard.edu/abs/2015PhR...558....1T},
  adsnote = {Provided by the SAO/NASA Astrophysics Data System}
}
@ARTICLE{vanUitertJoachimi2017,
   author = {{van Uitert}, E. and {Joachimi}, B.},
    title = "{Intrinsic alignment of redMaPPer clusters: cluster shape - matter density correlation}",
  journal = {ArXiv e-prints},
archivePrefix = "arXiv",
   eprint = {1701.02307},
 keywords = {Astrophysics - Cosmology and Nongalactic Astrophysics},
     year = 2017,
    month = jan,
   adsurl = {http://adsabs.harvard.edu/abs/2017arXiv170102307V},
  adsnote = {Provided by the SAO/NASA Astrophysics Data System}
}
@ARTICLE{Velliscigetal2015b,
   author = {{Velliscig}, M. and {Cacciato}, M. and {Schaye}, J. and {Hoekstra}, H. and 
	{Bower}, R.~G. and {Crain}, R.~A. and {van Daalen}, M.~P. and 
	{Furlong}, M. and {McCarthy}, I.~G. and {Schaller}, M. and {Theuns}, T.
	},
    title = "{Intrinsic alignments of galaxies in the EAGLE and cosmo-OWLS simulations}",
  journal = {\mnras},
archivePrefix = "arXiv",
   eprint = {1507.06996},
 keywords = {galaxies: formation, galaxies: haloes, cosmology: theory, large-scale structure of Universe},
     year = 2015,
    month = dec,
   volume = 454,
    pages = {3328-3340},
      doi = {10.1093/mnras/stv2198},
   adsurl = {http://adsabs.harvard.edu/abs/2015MNRAS.454.3328V},
  adsnote = {Provided by the SAO/NASA Astrophysics Data System}
}
@ARTICLE{Kirketal2015,
   author = {{Kirk}, D. and {Brown}, M.~L. and {Hoekstra}, H. and {Joachimi}, B. and 
	{Kitching}, T.~D. and {Mandelbaum}, R. and {Sif{\'o}n}, C. and 
	{Cacciato}, M. and {Choi}, A. and {Kiessling}, A. and {Leonard}, A. and 
	{Rassat}, A. and {Sch{\"a}fer}, B.~M.},
    title = "{Galaxy Alignments: Observations and Impact on Cosmology}",
  journal = {\ssr},
archivePrefix = "arXiv",
   eprint = {1504.05465},
 keywords = {Galaxies: evolution, Galaxies: haloes, Galaxies: interactions, Large-scale structure of Universe, Gravitational lensing: weak},
     year = 2015,
    month = nov,
   volume = 193,
    pages = {139-211},
      doi = {10.1007/s11214-015-0213-4},
   adsurl = {http://adsabs.harvard.edu/abs/2015SSRv..193..139K},
  adsnote = {Provided by the SAO/NASA Astrophysics Data System}
}
@ARTICLE{Leeetal2008,
   author = {{Lee}, J. and {Springel}, V. and {Pen}, U.-L. and {Lemson}, G.
	},
    title = "{Quantifying the cosmic web - I. The large-scale halo ellipticity-ellipticity and ellipticity-direction correlations}",
  journal = {\mnras},
archivePrefix = "arXiv",
   eprint = {0709.1106},
 keywords = {methods: statistical , galaxies: clusters: general , galaxies: haloes , cosmology: theory , large-scale structure of Universe},
     year = 2008,
    month = sep,
   volume = 389,
    pages = {1266-1274},
      doi = {10.1111/j.1365-2966.2008.13624.x},
   adsurl = {http://adsabs.harvard.edu/abs/2008MNRAS.389.1266L},
  adsnote = {Provided by the SAO/NASA Astrophysics Data System}
}

@ARTICLE{Davisetal1985,
   author = {{Davis}, M. and {Efstathiou}, G. and {Frenk}, C.~S. and {White}, S.~D.~M.
	},
    title = "{The evolution of large-scale structure in a universe dominated by cold dark matter}",
  journal = {\apj},
 keywords = {Computational Astrophysics, Cosmology, Galactic Clusters, Galactic Evolution, Missing Mass (Astrophysics), Weak Interactions (Field Theory), Astronomical Models, Computerized Simulation, Correlation, Many Body Problem, Mass Distribution, Mass To Light Ratios, Matter (Physics), Radial Velocity, Red Shift},
     year = 1985,
    month = may,
   volume = 292,
    pages = {371-394},
      doi = {10.1086/163168},
   adsurl = {http://adsabs.harvard.edu/abs/1985ApJ...292..371D},
  adsnote = {Provided by the SAO/NASA Astrophysics Data System}
}
@ARTICLE{Springeletal2001,
   author = {{Springel}, V. and {White}, S.~D.~M. and {Tormen}, G. and {Kauffmann}, G.
	},
    title = "{Populating a cluster of galaxies - I. Results at [formmu2]z=0}",
  journal = {\mnras},
   eprint = {astro-ph/0012055},
 keywords = {GALAXIES: CLUSTERS: GENERAL, GALAXIES: FORMATION, DARK MATTER},
     year = 2001,
    month = dec,
   volume = 328,
    pages = {726-750},
      doi = {10.1046/j.1365-8711.2001.04912.x},
   adsurl = {http://adsabs.harvard.edu/abs/2001MNRAS.328..726S},
  adsnote = {Provided by the SAO/NASA Astrophysics Data System}
}
@ARTICLE{LaceyCole1994,
   author = {{Lacey}, C. and {Cole}, S.},
    title = "{Merger Rates in Hierarchical Models of Galaxy Formation - Part Two - Comparison with N-Body Simulations}",
  journal = {\mnras},
   eprint = {astro-ph/9402069},
     year = 1994,
    month = dec,
   volume = 271,
    pages = {676},
      doi = {10.1093/mnras/271.3.676},
   adsurl = {http://adsabs.harvard.edu/abs/1994MNRAS.271..676L},
  adsnote = {Provided by the SAO/NASA Astrophysics Data System}
}
@ARTICLE{Bailinetal2005,
   author = {{Bailin}, J. and {Kawata}, D. and {Gibson}, B.~K. and {Steinmetz}, M. and 
	{Navarro}, J.~F. and {Brook}, C.~B. and {Gill}, S.~P.~D. and 
	{Ibata}, R.~A. and {Knebe}, A. and {Lewis}, G.~F. and {Okamoto}, T.
	},
    title = "{Internal Alignment of the Halos of Disk Galaxies in Cosmological Hydrodynamic Simulations}",
  journal = {\apjl},
   eprint = {astro-ph/0505523},
 keywords = {Cosmology: Dark Matter, Galaxies: Evolution, Galaxies: Formation, Galaxies: Halos, Galaxies: Spiral},
     year = 2005,
    month = jul,
   volume = 627,
    pages = {L17-L20},
      doi = {10.1086/432157},
   adsurl = {http://adsabs.harvard.edu/abs/2005ApJ...627L..17B},
  adsnote = {Provided by the SAO/NASA Astrophysics Data System}
}
@ARTICLE{Tennetietal2014,
   author = {{Tenneti}, A. and {Mandelbaum}, R. and {Di Matteo}, T. and {Feng}, Y. and 
	{Khandai}, N.},
    title = "{Galaxy shapes and intrinsic alignments in the MassiveBlack-II simulation}",
  journal = {\mnras},
archivePrefix = "arXiv",
   eprint = {1403.4215},
 keywords = {gravitational lensing: weak, hydrodynamics, methods: numerical, galaxies: star formation},
     year = 2014,
    month = jun,
   volume = 441,
    pages = {470-485},
      doi = {10.1093/mnras/stu586},
   adsurl = {http://adsabs.harvard.edu/abs/2014MNRAS.441..470T},
  adsnote = {Provided by the SAO/NASA Astrophysics Data System}
}
@ARTICLE{Velliscigetal2015a,
   author = {{Velliscig}, M. and {Cacciato}, M. and {Schaye}, J. and {Crain}, R.~A. and 
	{Bower}, R.~G. and {van Daalen}, M.~P. and {Dalla Vecchia}, C. and 
	{Frenk}, C.~S. and {Furlong}, M. and {McCarthy}, I.~G. and {Schaller}, M. and 
	{Theuns}, T.},
    title = "{The alignment and shape of dark matter, stellar, and hot gas distributions in the EAGLE and cosmo-OWLS simulations}",
  journal = {\mnras},
archivePrefix = "arXiv",
   eprint = {1504.04025},
 keywords = {galaxies: formation, galaxies: haloes, cosmology: theory, large-scale structure of Universe},
     year = 2015,
    month = oct,
   volume = 453,
    pages = {721-738},
      doi = {10.1093/mnras/stv1690},
   adsurl = {http://adsabs.harvard.edu/abs/2015MNRAS.453..721V},
  adsnote = {Provided by the SAO/NASA Astrophysics Data System}
}
@ARTICLE{Kazantzidisetal2004,
   author = {{Kazantzidis}, S. and {Kravtsov}, A.~V. and {Zentner}, A.~R. and 
	{Allgood}, B. and {Nagai}, D. and {Moore}, B.},
    title = "{The Effect of Gas Cooling on the Shapes of Dark Matter Halos}",
  journal = {\apjl},
   eprint = {astro-ph/0405189},
 keywords = {Cosmology: Theory, Cosmology: Dark Matter, Galaxies: Halos, Methods: Numerical},
     year = 2004,
    month = aug,
   volume = 611,
    pages = {L73-L76},
      doi = {10.1086/423992},
   adsurl = {http://adsabs.harvard.edu/abs/2004ApJ...611L..73K},
  adsnote = {Provided by the SAO/NASA Astrophysics Data System}
}
@ARTICLE{Blasetal2011,
   author = {{Blas}, D. and {Lesgourgues}, J. and {Tram}, T.},
    title = "{The Cosmic Linear Anisotropy Solving System (CLASS). Part II: Approximation schemes}",
  journal = {\jcap},
archivePrefix = "arXiv",
   eprint = {1104.2933},
     year = 2011,
    month = jul,
   volume = 7,
      eid = {034},
    pages = {034},
      doi = {10.1088/1475-7516/2011/07/034},
   adsurl = {http://adsabs.harvard.edu/abs/2011JCAP...07..034B},
  adsnote = {Provided by the SAO/NASA Astrophysics Data System}
}